[gd_scene load_steps=50 format=2]

[ext_resource path="res://RelightedEngine/ZoneSelect/World.gd" type="Script" id=1]
[ext_resource path="res://RelightedEngine/UI/HUD World Textures/Clock.png" type="Texture" id=2]
[ext_resource path="res://RelightedEngine/UI/Text/VenusRising/hud_rings_sheet.png" type="Texture" id=3]
[ext_resource path="res://icon.png" type="Texture" id=4]
[ext_resource path="res://Audio/sfx/Menu/Error.wav" type="AudioStream" id=5]
[ext_resource path="res://RelightedEngine/ZoneSelect/WorldPointer.gd" type="Script" id=6]
[ext_resource path="res://Audio/sfx/Menu/Popup.wav" type="AudioStream" id=7]
[ext_resource path="res://Audio/sfx/Menu/GameStart.ogg" type="AudioStream" id=8]
[ext_resource path="res://Player/InputManager/InputManager.gd" type="Script" id=9]
[ext_resource path="res://RelightedEngine/UI Objects/Menu/MenuBaseNode2D.gd" type="Script" id=11]
[ext_resource path="res://RelightedEngine/UI Objects/FadeIn.res" type="PackedScene" id=12]
[ext_resource path="res://RelightedEngine/ZoneSelect/Tornado/Tornado.glb" type="PackedScene" id=13]
[ext_resource path="res://RelightedEngine/ZoneSelect/WorldLevelInfo.gd" type="Script" id=14]
[ext_resource path="res://RelightedEngine/ZoneSelect/World/World.res" type="PackedScene" id=15]
[ext_resource path="res://RelightedEngine/ZoneSelect/WorldBonusInfo.gd" type="Script" id=16]
[ext_resource path="res://RelightedEngine/ZoneSelect/WorldHud.gd" type="Script" id=17]
[ext_resource path="res://RelightedEngine/UI/MobileJoystick/icon_cancel.svg" type="Texture" id=18]
[ext_resource path="res://RelightedEngine/UI/MobileJoystick/Controller.res" type="PackedScene" id=19]
[ext_resource path="res://Player/InputManager/InputManagerVirtualKeys.gd" type="Script" id=20]
[ext_resource path="res://Player/InputManager/InputManagerPhysicalKeys.gd" type="Script" id=21]
[ext_resource path="res://RelightedEngine/UI/MobileJoystick/icon_accept.svg" type="Texture" id=22]
[ext_resource path="res://Textures/Star.png" type="Texture" id=23]
[ext_resource path="res://RelightedEngine/ZoneSelect/WorldHudStar.gd" type="Script" id=24]
[ext_resource path="res://RelightedEngine/Ttf/IngameLabelWorldLevelDescription.tres" type="DynamicFont" id=25]
[ext_resource path="res://RelightedEngine/ZoneSelect/World/Sky.res" type="PackedScene" id=26]
[ext_resource path="res://RelightedEngine/UI/HUD Textures/hud-life-1920.png" type="Texture" id=27]
[ext_resource path="res://RelightedEngine/ZoneSelect/Pin/PinPending.glb" type="PackedScene" id=28]
[ext_resource path="res://RelightedEngine/UI/HUD World Textures/StageTile.png" type="Texture" id=29]
[ext_resource path="res://RelightedEngine/UI/HUD World Textures/UpTile.png" type="Texture" id=30]
[ext_resource path="res://RelightedEngine/Ttf/IngameWorldZoneAct.tres" type="DynamicFont" id=31]
[ext_resource path="res://RelightedEngine/Ttf/IngameWorldZoneName.tres" type="DynamicFont" id=32]
[ext_resource path="res://RelightedEngine/UI/HUD World Textures/MidTile.png" type="Texture" id=33]
[ext_resource path="res://RelightedEngine/ZoneSelect/Pin/PinCompleted.glb" type="PackedScene" id=34]
[ext_resource path="res://RelightedEngine/UI/Text/MonospaceTextLetters.res" type="PackedScene" id=35]
[ext_resource path="res://RelightedEngine/ZoneSelect/Pin/PinLocked.glb" type="PackedScene" id=36]
[ext_resource path="res://RelightedEngine/ZoneSelect/Pin/PinBonusEnabled.glb" type="PackedScene" id=37]
[ext_resource path="res://RelightedEngine/ZoneSelect/Pin/PinBonusDisabled.glb" type="PackedScene" id=38]









[sub_resource type="Animation" id=1]
resource_name = "hide"
length = 0.2
tracks/0/type = "value"
tracks/0/path = NodePath("TitleImg:anchor_left")
tracks/0/interp = 1
tracks/0/loop_wrap = true
tracks/0/imported = false
tracks/0/enabled = true
tracks/0/keys = {
"times": PoolRealArray( 0, 0.2 ),
"transitions": PoolRealArray( 1, 1 ),
"update": 0,
"values": [ 0.0, -0.5 ]
}
tracks/1/type = "value"
tracks/1/path = NodePath("ZoneName:anchor_left")
tracks/1/interp = 1
tracks/1/loop_wrap = true
tracks/1/imported = false
tracks/1/enabled = true
tracks/1/keys = {
"times": PoolRealArray( 0, 0.2 ),
"transitions": PoolRealArray( 1, 1 ),
"update": 0,
"values": [ 0.02, -0.48 ]
}
tracks/2/type = "value"
tracks/2/path = NodePath("Act:anchor_left")
tracks/2/interp = 1
tracks/2/loop_wrap = true
tracks/2/imported = false
tracks/2/enabled = true
tracks/2/keys = {
"times": PoolRealArray( 0, 0.2 ),
"transitions": PoolRealArray( 1, 1 ),
"update": 0,
"values": [ 0.02, -0.48 ]
}
tracks/3/type = "value"
tracks/3/path = NodePath("TitleImg:anchor_right")
tracks/3/interp = 1
tracks/3/loop_wrap = true
tracks/3/imported = false
tracks/3/enabled = true
tracks/3/keys = {
"times": PoolRealArray( 0, 0.2 ),
"transitions": PoolRealArray( 1, 1 ),
"update": 0,
"values": [ 0.5, 0.0 ]
}
tracks/4/type = "value"
tracks/4/path = NodePath("ZoneName:anchor_right")
tracks/4/interp = 1
tracks/4/loop_wrap = true
tracks/4/imported = false
tracks/4/enabled = true
tracks/4/keys = {
"times": PoolRealArray( 0, 0.2 ),
"transitions": PoolRealArray( 1, 1 ),
"update": 0,
"values": [ 0.32, -0.18 ]
}
tracks/5/type = "value"
tracks/5/path = NodePath("Act:anchor_right")
tracks/5/interp = 1
tracks/5/loop_wrap = true
tracks/5/imported = false
tracks/5/enabled = true
tracks/5/keys = {
"times": PoolRealArray( 0, 0.2 ),
"transitions": PoolRealArray( 1, 1 ),
"update": 0,
"values": [ 0.25, -0.25 ]
}
tracks/6/type = "value"
tracks/6/path = NodePath("ZoneName:visible")
tracks/6/interp = 1
tracks/6/loop_wrap = true
tracks/6/imported = false
tracks/6/enabled = true
tracks/6/keys = {
"times": PoolRealArray( 0.2 ),
"transitions": PoolRealArray( 1 ),
"update": 1,
"values": [ false ]
}
tracks/7/type = "value"
tracks/7/path = NodePath("Act:visible")
tracks/7/interp = 1
tracks/7/loop_wrap = true
tracks/7/imported = false
tracks/7/enabled = true
tracks/7/keys = {
"times": PoolRealArray( 0.2 ),
"transitions": PoolRealArray( 1 ),
"update": 1,
"values": [ false ]
}
tracks/8/type = "value"
tracks/8/path = NodePath("TitleImg:visible")
tracks/8/interp = 1
tracks/8/loop_wrap = true
tracks/8/imported = false
tracks/8/enabled = true
tracks/8/keys = {
"times": PoolRealArray( 0.2 ),
"transitions": PoolRealArray( 1 ),
"update": 1,
"values": [ false ]
}

[sub_resource type="Animation" id=2]
resource_name = "show"
length = 0.2
tracks/0/type = "value"
tracks/0/path = NodePath("TitleImg:anchor_left")
tracks/0/interp = 1
tracks/0/loop_wrap = true
tracks/0/imported = false
tracks/0/enabled = true
tracks/0/keys = {
"times": PoolRealArray( 0, 0.2 ),
"transitions": PoolRealArray( 1, 1 ),
"update": 0,
"values": [ -0.5, 0.0 ]
}
tracks/1/type = "value"
tracks/1/path = NodePath("ZoneName:anchor_left")
tracks/1/interp = 1
tracks/1/loop_wrap = true
tracks/1/imported = false
tracks/1/enabled = true
tracks/1/keys = {
"times": PoolRealArray( 0, 0.2 ),
"transitions": PoolRealArray( 1, 1 ),
"update": 0,
"values": [ -0.48, 0.02 ]
}
tracks/2/type = "value"
tracks/2/path = NodePath("Act:anchor_left")
tracks/2/interp = 1
tracks/2/loop_wrap = true
tracks/2/imported = false
tracks/2/enabled = true
tracks/2/keys = {
"times": PoolRealArray( 0, 0.2 ),
"transitions": PoolRealArray( 1, 1 ),
"update": 0,
"values": [ -0.48, 0.02 ]
}
tracks/3/type = "value"
tracks/3/path = NodePath("TitleImg:anchor_right")
tracks/3/interp = 1
tracks/3/loop_wrap = true
tracks/3/imported = false
tracks/3/enabled = true
tracks/3/keys = {
"times": PoolRealArray( 0, 0.2 ),
"transitions": PoolRealArray( 1, 1 ),
"update": 0,
"values": [ 0.0, 0.5 ]
}
tracks/4/type = "value"
tracks/4/path = NodePath("ZoneName:anchor_right")
tracks/4/interp = 1
tracks/4/loop_wrap = true
tracks/4/imported = false
tracks/4/enabled = true
tracks/4/keys = {
"times": PoolRealArray( 0, 0.2 ),
"transitions": PoolRealArray( 1, 1 ),
"update": 0,
"values": [ -0.18, 0.32 ]
}
tracks/5/type = "value"
tracks/5/path = NodePath("Act:anchor_right")
tracks/5/interp = 1
tracks/5/loop_wrap = true
tracks/5/imported = false
tracks/5/enabled = true
tracks/5/keys = {
"times": PoolRealArray( 0, 0.2 ),
"transitions": PoolRealArray( 1, 1 ),
"update": 0,
"values": [ -0.25, 0.25 ]
}
tracks/6/type = "value"
tracks/6/path = NodePath("TitleImg:visible")
tracks/6/interp = 1
tracks/6/loop_wrap = true
tracks/6/imported = false
tracks/6/enabled = true
tracks/6/keys = {
"times": PoolRealArray( 0 ),
"transitions": PoolRealArray( 1 ),
"update": 1,
"values": [ true ]
}
tracks/7/type = "value"
tracks/7/path = NodePath("ZoneName:visible")
tracks/7/interp = 1
tracks/7/loop_wrap = true
tracks/7/imported = false
tracks/7/enabled = true
tracks/7/keys = {
"times": PoolRealArray( 0 ),
"transitions": PoolRealArray( 1 ),
"update": 1,
"values": [ true ]
}
tracks/8/type = "value"
tracks/8/path = NodePath("Act:visible")
tracks/8/interp = 1
tracks/8/loop_wrap = true
tracks/8/imported = false
tracks/8/enabled = true
tracks/8/keys = {
"times": PoolRealArray( 0 ),
"transitions": PoolRealArray( 1 ),
"update": 1,
"values": [ true ]
}

[sub_resource type="Animation" id=3]
length = 0.2
tracks/0/type = "value"
tracks/0/path = NodePath("ZigZag:anchor_left")
tracks/0/interp = 1
tracks/0/loop_wrap = true
tracks/0/imported = false
tracks/0/enabled = true
tracks/0/keys = {
"times": PoolRealArray( 0, 0.1, 0.2 ),
"transitions": PoolRealArray( 1, 1, 1 ),
"update": 0,
"values": [ -0.05, -0.05, -1.0 ]
}
tracks/1/type = "value"
tracks/1/path = NodePath("ZigZag:anchor_right")
tracks/1/interp = 1
tracks/1/loop_wrap = true
tracks/1/imported = false
tracks/1/enabled = true
tracks/1/keys = {
"times": PoolRealArray( 0, 0.1, 0.2 ),
"transitions": PoolRealArray( 1, 1, 1 ),
"update": 0,
"values": [ 1.05, 1.05, 0.0 ]
}
tracks/2/type = "value"
tracks/2/path = NodePath("LevelDetails:anchor_left")
tracks/2/interp = 1
tracks/2/loop_wrap = true
tracks/2/imported = false
tracks/2/enabled = false
tracks/2/keys = {
"times": PoolRealArray( 0, 0.1 ),
"transitions": PoolRealArray( 1, 1 ),
"update": 0,
"values": [ 0.2, 1.7 ]
}
tracks/3/type = "value"
tracks/3/path = NodePath("LevelDetails:anchor_right")
tracks/3/interp = 1
tracks/3/loop_wrap = true
tracks/3/imported = false
tracks/3/enabled = false
tracks/3/keys = {
"times": PoolRealArray( 0, 0.1 ),
"transitions": PoolRealArray( 1, 1 ),
"update": 0,
"values": [ 0.8, 2.3 ]
}
tracks/4/type = "value"
tracks/4/path = NodePath("ZigZag:anchor_top")
tracks/4/interp = 1
tracks/4/loop_wrap = true
tracks/4/imported = false
tracks/4/enabled = true
tracks/4/keys = {
"times": PoolRealArray( 0, 0.1, 0.2 ),
"transitions": PoolRealArray( 1, 1, 1 ),
"update": 0,
"values": [ 0.25, 0.25, 0.35 ]
}
tracks/5/type = "value"
tracks/5/path = NodePath("ZigZag:anchor_bottom")
tracks/5/interp = 1
tracks/5/loop_wrap = true
tracks/5/imported = false
tracks/5/enabled = true
tracks/5/keys = {
"times": PoolRealArray( 0, 0.1, 0.2 ),
"transitions": PoolRealArray( 1, 1, 1 ),
"update": 0,
"values": [ 0.75, 0.75, 0.85 ]
}
tracks/6/type = "value"
tracks/6/path = NodePath("ZigZag:visible")
tracks/6/interp = 1
tracks/6/loop_wrap = true
tracks/6/imported = false
tracks/6/enabled = true
tracks/6/keys = {
"times": PoolRealArray( 0, 0.2 ),
"transitions": PoolRealArray( 1, 1 ),
"update": 1,
"values": [ true, false ]
}
tracks/7/type = "value"
tracks/7/path = NodePath("LevelDetails:visible")
tracks/7/interp = 1
tracks/7/loop_wrap = true
tracks/7/imported = false
tracks/7/enabled = true
tracks/7/keys = {
"times": PoolRealArray( 0, 0.2 ),
"transitions": PoolRealArray( 1, 1 ),
"update": 1,
"values": [ true, false ]
}
tracks/8/type = "value"
tracks/8/path = NodePath("LevelDetails:modulate")
tracks/8/interp = 1
tracks/8/loop_wrap = true
tracks/8/imported = false
tracks/8/enabled = true
tracks/8/keys = {
"times": PoolRealArray( 0, 0.1 ),
"transitions": PoolRealArray( 1, 1 ),
"update": 0,
"values": [ Color( 1, 1, 1, 1 ), Color( 1, 1, 1, 0 ) ]
}

[sub_resource type="Animation" id=4]
length = 0.8
tracks/0/type = "value"
tracks/0/path = NodePath("ZigZag:anchor_left")
tracks/0/interp = 1
tracks/0/loop_wrap = true
tracks/0/imported = false
tracks/0/enabled = true
tracks/0/keys = {
"times": PoolRealArray( 0, 0.3 ),
"transitions": PoolRealArray( 1, 1 ),
"update": 0,
"values": [ -1.0, -0.05 ]
}
tracks/1/type = "value"
tracks/1/path = NodePath("ZigZag:anchor_right")
tracks/1/interp = 1
tracks/1/loop_wrap = true
tracks/1/imported = false
tracks/1/enabled = true
tracks/1/keys = {
"times": PoolRealArray( 0, 0.3 ),
"transitions": PoolRealArray( 1, 1 ),
"update": 0,
"values": [ 0.0, 1.05 ]
}
tracks/2/type = "value"
tracks/2/path = NodePath("LevelDetails:anchor_left")
tracks/2/interp = 1
tracks/2/loop_wrap = true
tracks/2/imported = false
tracks/2/enabled = false
tracks/2/keys = {
"times": PoolRealArray( 0, 0.1, 0.4 ),
"transitions": PoolRealArray( 1, 1, 1 ),
"update": 0,
"values": [ 1.7, 1.7, 0.2 ]
}
tracks/3/type = "value"
tracks/3/path = NodePath("LevelDetails:anchor_right")
tracks/3/interp = 1
tracks/3/loop_wrap = true
tracks/3/imported = false
tracks/3/enabled = false
tracks/3/keys = {
"times": PoolRealArray( 0, 0.1, 0.4 ),
"transitions": PoolRealArray( 1, 1, 1 ),
"update": 0,
"values": [ 2.3, 2.3, 0.8 ]
}
tracks/4/type = "value"
tracks/4/path = NodePath("LevelDetails:rect_scale")
tracks/4/interp = 1
tracks/4/loop_wrap = true
tracks/4/imported = false
tracks/4/enabled = false
tracks/4/keys = {
"times": PoolRealArray( 0, 0.1, 0.4 ),
"transitions": PoolRealArray( 1, 1, 1 ),
"update": 0,
"values": [ Vector2( 0.1, 0.1 ), Vector2( 0.1, 0.1 ), Vector2( 1, 1 ) ]
}
tracks/5/type = "value"
tracks/5/path = NodePath("ZigZag:anchor_top")
tracks/5/interp = 1
tracks/5/loop_wrap = true
tracks/5/imported = false
tracks/5/enabled = true
tracks/5/keys = {
"times": PoolRealArray( 0, 0.3 ),
"transitions": PoolRealArray( 1, 1 ),
"update": 0,
"values": [ 0.35, 0.25 ]
}
tracks/6/type = "value"
tracks/6/path = NodePath("ZigZag:anchor_bottom")
tracks/6/interp = 1
tracks/6/loop_wrap = true
tracks/6/imported = false
tracks/6/enabled = true
tracks/6/keys = {
"times": PoolRealArray( 0, 0.3 ),
"transitions": PoolRealArray( 1, 1 ),
"update": 0,
"values": [ 0.85, 0.75 ]
}
tracks/7/type = "value"
tracks/7/path = NodePath("LevelDetails:visible")
tracks/7/interp = 1
tracks/7/loop_wrap = true
tracks/7/imported = false
tracks/7/enabled = true
tracks/7/keys = {
"times": PoolRealArray( 0 ),
"transitions": PoolRealArray( 1 ),
"update": 1,
"values": [ true ]
}
tracks/8/type = "value"
tracks/8/path = NodePath("ZigZag:visible")
tracks/8/interp = 1
tracks/8/loop_wrap = true
tracks/8/imported = false
tracks/8/enabled = true
tracks/8/keys = {
"times": PoolRealArray( 0 ),
"transitions": PoolRealArray( 1 ),
"update": 1,
"values": [ true ]
}
tracks/9/type = "value"
tracks/9/path = NodePath("LevelDetails:modulate")
tracks/9/interp = 1
tracks/9/loop_wrap = true
tracks/9/imported = false
tracks/9/enabled = true
tracks/9/keys = {
"times": PoolRealArray( 0, 0.2, 0.4 ),
"transitions": PoolRealArray( 1, 1, 1 ),
"update": 0,
"values": [ Color( 1, 1, 1, 0 ), Color( 1, 1, 1, 0 ), Color( 1, 1, 1, 1 ) ]
}

[sub_resource type="Animation" id=5]
resource_name = "hide"
tracks/0/type = "value"
tracks/0/path = NodePath("Score:position")
tracks/0/interp = 1
tracks/0/loop_wrap = true
tracks/0/imported = false
tracks/0/enabled = true
tracks/0/keys = {
"times": PoolRealArray( 0, 1 ),
"transitions": PoolRealArray( 1, 1 ),
"update": 0,
"values": [ Vector2( 628, 16 ), Vector2( 628, -104 ) ]
}
tracks/1/type = "value"
tracks/1/path = NodePath("Lifes:position")
tracks/1/interp = 1
tracks/1/loop_wrap = true
tracks/1/imported = false
tracks/1/enabled = true
tracks/1/keys = {
"times": PoolRealArray( 0, 1 ),
"transitions": PoolRealArray( 1, 1 ),
"update": 0,
"values": [ Vector2( 48, 344 ), Vector2( 48, 464 ) ]
}
tracks/2/type = "value"
tracks/2/path = NodePath("LifesImg:position")
tracks/2/interp = 1
tracks/2/loop_wrap = true
tracks/2/imported = false
tracks/2/enabled = true
tracks/2/keys = {
"times": PoolRealArray( 0, 1 ),
"transitions": PoolRealArray( 1, 1 ),
"update": 0,
"values": [ Vector2( 27, 345 ), Vector2( 27, 465 ) ]
}

[sub_resource type="Animation" id=6]
resource_name = "show"
tracks/0/type = "value"
tracks/0/path = NodePath("Score:position")
tracks/0/interp = 1
tracks/0/loop_wrap = true
tracks/0/imported = false
tracks/0/enabled = true
tracks/0/keys = {
"times": PoolRealArray( 0, 1 ),
"transitions": PoolRealArray( 1, 1 ),
"update": 0,
"values": [ Vector2( 628, -104 ), Vector2( 628, 16 ) ]
}
tracks/1/type = "value"
tracks/1/path = NodePath("Lifes:position")
tracks/1/interp = 1
tracks/1/loop_wrap = true
tracks/1/imported = false
tracks/1/enabled = true
tracks/1/keys = {
"times": PoolRealArray( 0, 1 ),
"transitions": PoolRealArray( 1, 1 ),
"update": 0,
"values": [ Vector2( 48, 464 ), Vector2( 48, 344 ) ]
}
tracks/2/type = "value"
tracks/2/path = NodePath("LifesImg:position")
tracks/2/interp = 1
tracks/2/loop_wrap = true
tracks/2/imported = false
tracks/2/enabled = true
tracks/2/keys = {
"times": PoolRealArray( 0, 1 ),
"transitions": PoolRealArray( 1, 1 ),
"update": 0,
"values": [ Vector2( 27, 465 ), Vector2( 27, 345 ) ]
}

[sub_resource type="Animation" id=7]
tracks/0/type = "value"
tracks/0/path = NodePath("Tornado:rotation_degrees")
tracks/0/interp = 1
tracks/0/loop_wrap = true
tracks/0/imported = false
tracks/0/enabled = true
tracks/0/keys = {
"times": PoolRealArray( 0, 0.2, 1 ),
"transitions": PoolRealArray( 1, 1, 1 ),
"update": 0,
"values": [ Vector3( -90, 90, 0 ), Vector3( -90, 60, 0 ), Vector3( -90, 90, 0 ) ]
}

[sub_resource type="Animation" id=8]
tracks/0/type = "value"
tracks/0/path = NodePath("Tornado:rotation_degrees")
tracks/0/interp = 1
tracks/0/loop_wrap = true
tracks/0/imported = false
tracks/0/enabled = true
tracks/0/keys = {
"times": PoolRealArray( 0, 0.2, 1 ),
"transitions": PoolRealArray( 1, 1, 1 ),
"update": 0,
"values": [ Vector3( -90, 90, 0 ), Vector3( -90, 120, 0 ), Vector3( -90, 90, 0 ) ]
}

[sub_resource type="Animation" id=9]
loop = true
tracks/0/type = "value"
tracks/0/path = NodePath("Tornado:rotation_degrees")
tracks/0/interp = 1
tracks/0/loop_wrap = true
tracks/0/imported = false
tracks/0/enabled = true
tracks/0/keys = {
"times": PoolRealArray( 0, 0.3, 0.7, 1 ),
"transitions": PoolRealArray( 1, 1, 1, 1 ),
"update": 0,
"values": [ Vector3( -90, 90, 0 ), Vector3( -90, 89.68, 0.13 ), Vector3( -90, 90.25, 0 ), Vector3( -90, 90, 0 ) ]
}

[sub_resource type="ProceduralSky" id=10]
sky_top_color = Color( 0.556863, 0.556863, 0.556863, 1 )
sky_horizon_color = Color( 1, 0.937255, 0.584314, 1 )
sky_energy = 15.32

[sub_resource type="Environment" id=11]
background_mode = 1
background_sky = SubResource( 10 )
background_color = Color( 0.0588235, 0.0588235, 0.0588235, 1 )
background_energy = 2.5
ambient_light_color = Color( 0.141176, 0.682353, 0.839216, 1 )
ambient_light_energy = 0.1
ambient_light_sky_contribution = 0.0
fog_enabled = true
fog_color = Color( 0.0588235, 0.0588235, 0.0588235, 1 )
fog_sun_color = Color( 0.141176, 0.682353, 0.839216, 1 )
fog_depth_begin = 2.0
fog_depth_end = 6.0
fog_depth_curve = 0.241484
glow_enabled = true
glow_blend_mode = 0
glow_bicubic_upscale = true

[sub_resource type="SphereShape" id=12]
radius = 0.5

[node name="ZoneSelector" type="Spatial"]
script = ExtResource( 1 )
pin_locked = ExtResource( 36 )
pin_completed = ExtResource( 34 )
pin_pending = ExtResource( 28 )
pin_bonus_enabled = ExtResource( 37 )
pin_bonus_disabled = ExtResource( 38 )

[node name="HUD" type="CanvasLayer" parent="."]
script = ExtResource( 17 )

[node name="TitleAnimator" type="AnimationPlayer" parent="HUD"]
anims/hide = SubResource( 1 )
anims/show = SubResource( 2 )

[node name="DescriptionAnimator" type="AnimationPlayer" parent="HUD"]
anims/hide = SubResource( 3 )
anims/show = SubResource( 4 )

[node name="ZigZag" type="TextureRect" parent="HUD"]
visible = false
modulate = Color( 0, 0, 0, 1 )
anchor_left = -1.0
anchor_top = 0.35
anchor_bottom = 0.85
texture = ExtResource( 33 )
expand = true
__meta__ = {
"_edit_use_anchors_": false
}

[node name="LevelDetails" type="TextureRect" parent="HUD"]
visible = false
modulate = Color( 1, 1, 1, 0 )
anchor_left = 0.2
anchor_top = 0.2
anchor_right = 0.8
anchor_bottom = 0.8
margin_bottom = 3.0
rect_pivot_offset = Vector2( 265, 235 )
texture = ExtResource( 29 )
expand = true
stretch_mode = 1
__meta__ = {
"_edit_use_anchors_": false
}

[node name="LevelName" type="Label" parent="HUD/LevelDetails"]
anchor_left = 0.12
anchor_top = 0.14
anchor_right = 0.56
anchor_bottom = 0.14
custom_fonts/font = ExtResource( 32 )
custom_colors/font_color = Color( 1, 0.913725, 0, 1 )
text = "Hola"
__meta__ = {
"_edit_use_anchors_": false
}

[node name="Act" type="Label" parent="HUD/LevelDetails"]
anchor_left = 0.12
anchor_top = 0.25
anchor_right = 0.56
anchor_bottom = 0.25
custom_fonts/font = ExtResource( 31 )
custom_colors/font_color = Color( 1, 0.913725, 0, 1 )
text = "Act 1"
__meta__ = {
"_edit_use_anchors_": false
}

[node name="BestTimeImg" type="TextureRect" parent="HUD/LevelDetails"]
anchor_left = 0.07
anchor_top = 0.75
anchor_right = 0.17
anchor_bottom = 0.95
texture = ExtResource( 2 )
expand = true
stretch_mode = 6
__meta__ = {
"_edit_use_anchors_": false
}

[node name="BestTimeValue" type="Label" parent="HUD/LevelDetails"]
anchor_left = 0.16
anchor_top = 0.84
anchor_right = 0.4
anchor_bottom = 0.84
custom_fonts/font = ExtResource( 25 )
custom_colors/font_color = Color( 0, 0.0705882, 0.721569, 1 )
text = "--:--"
__meta__ = {
"_edit_use_anchors_": false
}

[node name="Description" type="Label" parent="HUD/LevelDetails"]
anchor_left = 0.12
anchor_top = 0.45
anchor_right = 0.57
anchor_bottom = 0.79
custom_fonts/font = ExtResource( 25 )
custom_colors/font_color = Color( 0, 0.0705882, 0.721569, 1 )
text = "?"
autowrap = true
__meta__ = {
"_edit_use_anchors_": false
}

[node name="Stars" type="HBoxContainer" parent="HUD/LevelDetails"]
anchor_left = 0.1
anchor_top = 0.34
anchor_right = 0.4
anchor_bottom = 0.42
__meta__ = {
"_edit_use_anchors_": false
}

[node name="Star1" type="TextureRect" parent="HUD/LevelDetails/Stars"]
modulate = Color( 1, 1, 1, 0.15 )
margin_right = 19.0
margin_bottom = 17.0
size_flags_horizontal = 3
texture = ExtResource( 23 )
expand = true
script = ExtResource( 24 )
__meta__ = {
"_edit_use_anchors_": false
}
enabled = false

[node name="Star2" type="TextureRect" parent="HUD/LevelDetails/Stars"]
modulate = Color( 1, 1, 1, 0.15 )
margin_left = 23.0
margin_right = 42.0
margin_bottom = 17.0
size_flags_horizontal = 3
texture = ExtResource( 23 )
expand = true
script = ExtResource( 24 )
__meta__ = {
"_edit_use_anchors_": false
}
enabled = false

[node name="Star3" type="TextureRect" parent="HUD/LevelDetails/Stars"]
modulate = Color( 1, 1, 1, 0.15 )
margin_left = 46.0
margin_right = 65.0
margin_bottom = 17.0
size_flags_horizontal = 3
texture = ExtResource( 23 )
expand = true
script = ExtResource( 24 )
__meta__ = {
"_edit_use_anchors_": false
}
enabled = false

[node name="Star4" type="TextureRect" parent="HUD/LevelDetails/Stars"]
modulate = Color( 1, 1, 1, 0.15 )
margin_left = 69.0
margin_right = 88.0
margin_bottom = 17.0
size_flags_horizontal = 3
texture = ExtResource( 23 )
expand = true
script = ExtResource( 24 )
__meta__ = {
"_edit_use_anchors_": false
}
enabled = false

[node name="Star5" type="TextureRect" parent="HUD/LevelDetails/Stars"]
modulate = Color( 1, 1, 1, 0.15 )
margin_left = 92.0
margin_right = 115.0
margin_bottom = 17.0
size_flags_horizontal = 3
texture = ExtResource( 23 )
expand = true
script = ExtResource( 24 )
__meta__ = {
"_edit_use_anchors_": false
}
enabled = false

[node name="Thumbnail" type="TextureRect" parent="HUD/LevelDetails"]
anchor_left = 0.6
anchor_top = 0.3
anchor_right = 0.92
anchor_bottom = 0.75
texture = ExtResource( 4 )
expand = true
__meta__ = {
"_edit_use_anchors_": false
}

[node name="TitleImg" type="TextureRect" parent="HUD"]
visible = false
anchor_right = 0.5
anchor_bottom = 0.2
texture = ExtResource( 30 )
expand = true
stretch_mode = 5
__meta__ = {
"_edit_use_anchors_": false
}

[node name="ZoneName" type="Label" parent="HUD"]
visible = false
anchor_left = 0.02
anchor_top = 0.02
anchor_right = 0.32
anchor_bottom = 0.1
custom_fonts/font = ExtResource( 32 )
custom_colors/font_color = Color( 1, 1, 1, 1 )
text = "Snow Lake"
__meta__ = {
"_edit_use_anchors_": false
}

[node name="Act" type="Label" parent="HUD"]
visible = false
anchor_left = 0.02
anchor_top = 0.1
anchor_right = 0.25
anchor_bottom = 0.15
custom_fonts/font = ExtResource( 31 )
custom_colors/font_color = Color( 1, 1, 1, 1 )
text = "Act 1"
__meta__ = {
"_edit_use_anchors_": false
}

[node name="SpritesContainer" type="Node2D" parent="HUD"]

[node name="StreechManager" type="Node" parent="HUD/SpritesContainer"]
script = ExtResource( 11 )

[node name="LifesImg" type="Sprite" parent="HUD/SpritesContainer"]
position = Vector2( 27, 345 )
scale = Vector2( 0.25, 0.25 )
texture = ExtResource( 27 )

[node name="Lifes" parent="HUD/SpritesContainer" instance=ExtResource( 35 )]
position = Vector2( 48, 344 )
scale = Vector2( 0.75, 0.75 )
z_index = 1
texture = ExtResource( 3 )
centered = 0
text = "012"
char_width = 21
char_height = 24

[node name="Score" parent="HUD/SpritesContainer" instance=ExtResource( 35 )]
position = Vector2( 628, 16 )
scale = Vector2( 0.75, 0.75 )
z_index = 1
texture = ExtResource( 3 )
centered = 2
text = "1234"
char_width = 21
char_height = 24

[node name="SpritesAnimation" type="AnimationPlayer" parent="HUD/SpritesContainer"]
autoplay = "show"
anims/hide = SubResource( 5 )
anims/show = SubResource( 6 )

[node name="FadeIn" parent="HUD" instance=ExtResource( 12 )]

[node name="Controller" parent="HUD" instance=ExtResource( 19 )]
has_menu_button = false
is_digital = false
button1_icon = ExtResource( 22 )
button2_icon = ExtResource( 18 )

[node name="BonusInfo" type="Node" parent="."]
script = ExtResource( 16 )

[node name="LevelInfo" type="Node" parent="."]
script = ExtResource( 14 )

[node name="World" parent="." instance=ExtResource( 15 )]

[node name="Sky" parent="World" instance=ExtResource( 26 )]
transform = Transform( -0.242753, -0.858459, -0.451793, 0.946653, -0.31138, 0.0830119, -0.211942, -0.407539, 0.888252, 0, 0, 0 )

[node name="Sky2" parent="World" instance=ExtResource( 26 )]
transform = Transform( 1.05901, 0.295286, 0.036195, -0.261088, 0.986656, -0.410305, -0.142607, 0.38642, 1.01998, 0, 0, 0 )

[node name="Sky3" parent="World" instance=ExtResource( 26 )]
transform = Transform( 0.817202, -0.878672, 0.0109608, -0.326635, -0.289833, 1.11773, -0.815791, -0.764144, -0.436548, 0, 0, 0 )

[node name="Sky4" parent="World" instance=ExtResource( 26 )]
transform = Transform( 0.103094, 0.189565, 1.28197, 0.584127, -1.15478, 0.123778, 1.15679, 0.566215, -0.176752, 0, 0, 0 )

[node name="Pointer" type="Spatial" parent="."]
transform = Transform( -4.37114e-08, 1, 0, -1, -4.37114e-08, 0, 0, 0, 1, 0, 7, 0 )
script = ExtResource( 6 )

[node name="InputManager" type="Node" parent="Pointer"]
script = ExtResource( 9 )

[node name="VirtualKeys" type="Node" parent="Pointer/InputManager"]
script = ExtResource( 20 )

[node name="PhysicalKeys" type="Node" parent="Pointer/InputManager"]
script = ExtResource( 21 )

[node name="SelectLevelAudio" type="AudioStreamPlayer" parent="Pointer"]
stream = ExtResource( 7 )
bus = "Sfx"

[node name="ErrorAudio" type="AudioStreamPlayer" parent="Pointer"]
stream = ExtResource( 5 )
bus = "Sfx"

[node name="OpenAudio" type="AudioStreamPlayer" parent="Pointer"]
stream = ExtResource( 8 )
bus = "Sfx"

[node name="NavigationAnimation" type="AnimationPlayer" parent="Pointer"]
anims/Left = SubResource( 7 )
anims/Right = SubResource( 8 )
anims/Walk = SubResource( 9 )

[node name="Camera" type="Camera" parent="Pointer"]
transform = Transform( -4.2222e-08, -0.939692, -0.342021, -1.13133e-08, 0.342021, -0.939692, 1, -3.58063e-08, -2.50718e-08, -0.3, -1.3, -2.84217e-14 )
environment = SubResource( 11 )
far = 20.0

[node name="Tornado" parent="Pointer" instance=ExtResource( 13 )]
transform = Transform( -6.55671e-09, -0.15, -6.55671e-09, 0, -6.55671e-09, 0.15, -0.15, 6.55671e-09, 2.86603e-16, 0, -0.2, 0 )

[node name="SpotLight" type="SpotLight" parent="Pointer/Tornado"]
transform = Transform( 6.66667, -1.48369e-06, 2.56983e-06, -2.56983e-06, -5.7735, 3.33333, 1.4837e-06, -3.33333, -5.7735, 8.68888e-07, 1.99994, -3.33333 )
light_color = Color( 1, 0.913725, 0.286275, 1 )
light_energy = 4.02
spot_range = 3.0
spot_angle = 60.0

[node name="HoverArea" type="Area" parent="Pointer/Tornado"]
transform = Transform( 6.66667, 9.31323e-09, 1.55431e-15, -9.31323e-09, 6.66667, 7.34916e-15, 6.66134e-16, 7.34916e-15, 6.66667, -0.0107252, -4.66665, -5.96046e-07 )

[node name="CollisionShape" type="CollisionShape" parent="Pointer/Tornado/HoverArea"]
shape = SubResource( 12 )
[connection signal="close_bonus_details" from="Pointer" to="." method="_on_Pointer_close_bonus_details"]
[connection signal="close_bonus_name" from="Pointer" to="." method="_on_Pointer_close_bonus_name"]
[connection signal="close_level_details" from="Pointer" to="." method="_on_Pointer_close_level_details"]
[connection signal="close_level_name" from="Pointer" to="." method="_on_Pointer_close_level_name"]
[connection signal="open_bonus" from="Pointer" to="." method="_on_Pointer_open_bonus"]
[connection signal="open_level" from="Pointer" to="." method="_on_Pointer_open_level"]
[connection signal="show_bonus_details" from="Pointer" to="." method="_on_Pointer_show_bonus_details"]
[connection signal="show_bonus_name" from="Pointer" to="." method="_on_Pointer_show_bonus_name"]
[connection signal="show_level_details" from="Pointer" to="." method="_on_Pointer_show_level_details"]
[connection signal="show_level_name" from="Pointer" to="." method="_on_Pointer_show_level_name"]
[connection signal="animation_finished" from="Pointer/NavigationAnimation" to="Pointer" method="_on_NavigationAnimation_animation_finished"]
[connection signal="area_entered" from="Pointer/Tornado/HoverArea" to="Pointer" method="_on_HoverArea_area_entered"]
[connection signal="area_exited" from="Pointer/Tornado/HoverArea" to="Pointer" method="_on_HoverArea_area_exited"]
